/Users/akim/Documents/alex.bib